

@incollection {MR0403320,
    AUTHOR = {Hopcroft, John},
     TITLE = {An {$n$} log {$n$} algorithm for minimizing states in a finite
              automaton},
 BOOKTITLE = {Theory of machines and computations ({P}roc. {I}nternat.
              {S}ympos., {T}echnion, {H}aifa, 1971)},
     PAGES = {189--196},
 PUBLISHER = {Academic Press, New York},
      YEAR = {1971},
   MRCLASS = {68A25 (94A30)},
  MRNUMBER = {0403320},
MRREVIEWER = {R. N. Goss},
}